@article{Wang2020,
  title = Test
} 

@article{TestPaper1,
  title = TestPaper
}

@book{TestBook2,
  title = TestBook
}
