@article{Lamnidis2018,
  title = Test
} 
