@article{Schiffels2016,
  title = Test
} 

@article{TestPaper1,
  title = TestPaper
}

@book{TestBook1,
  title = TestBook
}
